<?xml version="1.0" encoding="UTF-8"?><collection xmlns="http://www.loc.gov/MARC21/slim"><record><leader>00491nam--2200181-u-4500</leader><controlfield tag="001">000052773</controlfield><controlfield tag="002">20161230</controlfield><controlfield tag="005">20161230201050</controlfield><controlfield tag="008">101013s1000------------r-----000-0-rus-d</controlfield><datafield ind1=" " ind2=" " tag="040"><subfield code="a">IFIN-HH</subfield></datafield><datafield ind1=" " ind2=" " tag="041"><subfield code="a">rus</subfield></datafield><datafield ind1=" " ind2=" " tag="080"><subfield code="a">534/537.8</subfield></datafield><datafield ind1="1" ind2=" " tag="100"><subfield code="a">Borisov, Milko</subfield></datafield><datafield ind1="1" ind2="0" tag="245"><subfield code="a">Fizika na lineinite akusticini i elektromagnitni vilni</subfield><subfield code="c">Milko Borisov, Veselin Strasilov</subfield></datafield><datafield ind1=" " ind2=" " tag="260"><subfield code="a">Sofia</subfield><subfield code="b">Akademia na Naukite</subfield><subfield code="c">1989</subfield></datafield><datafield ind1=" " ind2=" " tag="300"><subfield code="a">186 p</subfield></datafield><datafield ind1=" " ind2=" " tag="852"><subfield code="a">79053</subfield><subfield code="c">534</subfield></datafield><datafield ind1=" " ind2=" " tag="CAT"><subfield code="a">Sys</subfield><subfield code="c">20101013</subfield><subfield code="h">144726</subfield></datafield></record></collection>